@inproceedings{Kahn74,
    author      = {Gilles Kahn},
    title       = {The Semantics of Simple Language for Parallel Programming},
    booktitle   = {IFIP Congress},
    year        = {1974},
    pages       = {471-475},
    bibsource   = {DBLP, http://dblp.uni-trier.de}
}

@techreport{Strachey73,
    year        = {1973},
    title       = {The Varieties of Programming Language},
    author      = {Christopher Strachey},
    institution = {Oxford University},
    month       = {March},
    number      = {PRG-10}
}

@article{AshcroftW76,
    author      = {Edward A. Ashcroft and William W. Wadge},
    title       = {Lucid - A Formal System for Writing and Proving Programs},
    journal     = {SIAM J. Comput.},
    volume      = {5},
    number      = {3},
    year        = {1976},
    pages       = {336-354},
    ee          = {http://dx.doi.org/10.1137/0205029},
    bibsource   = {DBLP, http://dblp.uni-trier.de}
}
@incollection{Berry84,
    year        = {1984},
    isbn        = {978-3-540-15670-3},
    booktitle   = {Seminar on Concurrency},
    volume      = {197},
    series      = {Lecture Notes in Computer Science},
    editor      = {Brookes, StephenD. and Roscoe, AndrewWilliam and Winskel, Glynn},
    doi         = {10.1007/3-540-15670-4_19},
    title       = {The ESTEREL synchronous programming language and its mathematical semantics},
    url         = {http://dx.doi.org/10.1007/3-540-15670-4_19},
    publisher   = {Springer Berlin Heidelberg},
    author      = {Berry, GÃ©rard and Cosserat, Laurent},
    pages       = {389-448}
}

@techreport{Benveniste85,
    hal_id      = {inria-00076178},
    url         = {http://hal.inria.fr/inria-00076178},
    title       = {{SIGNAL : a data flow oriented language for signal processing}},
    author      = {Benveniste, Albert and Bournai, Patricia and Gautier, Thierry and Le Guernic, Paul},
    abstract    = {{Disponible dans les fichiers attach{\'e}s {\`a} ce document}},
    language    = {Anglais},
    affiliation = {AS - INRIA - IRISA , MTS - INRIA - IRISA},
    type        = {Rapport de recherche},
    institution = {INRIA},
    number      = {RR-0378},
    year        = {1985},
    pdf         = {http://hal.inria.fr/inria-00076178/PDF/RR-0378.pdf},
}

@inproceedings{Caspi87,
    author    = {Caspi, P. and Pilaud, D. and Halbwachs, N. and Plaice, J. A.},
    title     = {LUSTRE: A Declarative Language for Real-time Programming},
    booktitle = {Proceedings of the 14th ACM SIGACT-SIGPLAN Symposium on Principles of Programming Languages},
    series    = {POPL '87},
    year      = {1987},
    isbn      = {0-89791-215-2},
    location  = {Munich, West Germany},
    pages     = {178--188},
    numpages  = {11},
    url       = {http://doi.acm.org/10.1145/41625.41641},
    doi       = {10.1145/41625.41641},
    acmid     = {41641},
    publisher = {ACM},
    address   = {New York, NY, USA},
} 

@TechReport{Elliott95,
    author       = {Conal Elliott and Greg Schechter and Salim Abi-Ezzi},
    title        = {{MediaFlow}, a Framework for Distributed Integrated Media},
    institution  = {Sun Microsystems Laboratories},
    year         = {1995},
    number       = {SMLI TR-95-40},
}

@incollection{Thies02,
    year      = {2002},
    isbn      = {978-3-540-43369-9},
    booktitle = {Compiler Construction},
    volume    = {2304},
    series    = {Lecture Notes in Computer Science},
    editor    = {Horspool, R.Nigel},
    doi       = {10.1007/3-540-45937-5_14},
    title     = {StreamIt: A Language for Streaming Applications},
    url       = {http://dx.doi.org/10.1007/3-540-45937-5_14},
    publisher = {Springer Berlin Heidelberg},
    author    = {Thies, William and Karczmarek, Michal and Amarasinghe, Saman},
    pages     = {179-196},
    language  = {English}
}

@incollection{Dennis72,
    year      = {1972},
    isbn      = {978-3-540-06720-7},
    booktitle = {International Symposium on Theoretical Programming},
    volume    = {5},
    series    = {Lecture Notes in Computer Science},
    editor    = {Ershov, Andrei and Nepomniaschy, Valery A.},
    doi       = {10.1007/3-540-06720-5_15},
    title     = {Data flow schemas},
    url       = {http://dx.doi.org/10.1007/3-540-06720-5_15},
    publisher = {Springer Berlin Heidelberg},
    author    = {Dennis, J.B. and Fosseen, J.B. and Linderman, J.P.},
    pages     = {187-216}
}

@incollection{Dennis74,
    year      = {1974},
    isbn      = {978-3-540-06859-4},
    booktitle = {Programming Symposium},
    volume    = {19},
    series    = {Lecture Notes in Computer Science},
    editor    = {Robinet, B.},
    doi       = {10.1007/3-540-06859-7_145},
    title     = {First version of a data flow procedure language},
    url       = {http://dx.doi.org/10.1007/3-540-06859-7_145},
    publisher = {Springer Berlin Heidelberg},
    author    = {Dennis, JackB.},
    pages     = {362-376}
}
