@article{actors,
title = "Viewing control structures as patterns of passing messages ",
journal = "Artificial Intelligence ",
volume = "8",
number = "3",
pages = "323 - 364",
year = "1977",
note = "",
issn = "0004-3702",
doi = "http://dx.doi.org/10.1016/0004-3702(77)90033-9",
url = "http://www.sciencedirect.com/science/article/pii/0004370277900339",
author = "Carl Hewitt"
}
@book
{ddd,
author={Evans, Ecric},
title={Domain-Driven Design — Tackling Complexity in the Heart of Software},
publisher={Addison-Wesley},
year={2004}
}
@article{frp,
author = {Wan, Zhanyong and Hudak, Paul},
title = {Functional Reactive Programming from First Principles},
journal = {SIGPLAN Not.},
issue_date = {May 2000},
volume = {35},
number = {5},
month = may,
year = {2000},
issn = {0362-1340},
pages = {242--252},
numpages = {11},
url = {http://doi.acm.org/10.1145/358438.349331},
doi = {10.1145/358438.349331},
acmid = {349331},
publisher = {ACM},
address = {New York, NY, USA},
}
@InProceedings{arrows,
author = "Paul Hudak and Antony Courtney and Henrik Nilsson and John Peterson",  
title = "Arrows, Robots, and Functional Reactive Programming",
booktitle = "Summer School on Advanced Functional Programming 2002, Oxford University",
year = 2003,
volume = 2638,
series = "Lecture Notes in Computer Science",
pages = "159--187",
publisher = "Springer-Verlag"} 
@misc{dataflow,
author = {},
title = {{Data-flow programming Software}},
howpublished = "http://en.wikipedia.org/wiki/Dataflow\_programming",
year = {}, 
note = "[Online]"
}
@misc{erlang,
author = {},
title = {{Erlang}},
howpublished = "http://www.erlang.org/",
year = {}, 
note = "[Online]"
}
@misc{akka,
author = {Jonas Bonér},
title = {{Akka}},
howpublished = "http://akka.io/",
year = {2009},
note = "[Online]"
}
@misc{celluloid,
author = {Tony Arcieri},
title = {{Celluloid}},
howpublished = "http://celluloid.io/",
year = {2011},
note = "[Online]"
}
@misc{hadoop,
author = {Apache foundation},
title = {{Hadoop}},
howpublished = "http://hadoop.apache.org/",
year = {2005},
note = "[Online]"
}
@misc{haskell,
author = {},
title = {{Haskell}},
howpublished = "http://www.haskell.org/haskellwiki/Haskell",
year = {1989},
note = "[Online]"
}
@misc{eventsourcing,
author = {Fowler, Martin},
title = {{Event Sourcing}},
howpublished = "http://martinfowler.com/eaaDev/EventSourcing.html",
year = {2005},
note = "[Online]"
}
@misc{cqrs,
author = {Young, Greg},
title = {{Events Are Not Just for Notifications}},
howpublished = "http://www.infoq.com/presentations/Events-Are-Not-Just-for-Notifications",
year = {2011},
note = "[Online]"
}
@misc{yampa,
author = {Yale Haskell Group},
title = {{Yampa}},
howpublished = "http://www.haskell.org/haskellwiki/Yampa",
year = {2008},
note = "[Online]"
}
@misc{reactivebanana,
author = {Heinrich Apfelmus},
title = {{Reactive-banana}},
howpublished = "http://www.haskell.org/haskellwiki/Reactive-banana",
year = {2011},
note = "[Online]"
}
@misc{sodium,
author = {Stephen Blackheath},
title = {{http://blog.reactiveprogramming.org/}},
howpublished = "http://blog.reactiveprogramming.org/",
year = {2012},
note = "[Online]"
}
@misc{sodium_talk,
author = {Stephen Blackheath},
title = {{http://blog.reactiveprogramming.org/?p=136}},
howpublished = "http://blog.reactiveprogramming.org/?p=136",
year = {2013},
note = "[Online]"
}
